@inproceedings{EMD-def,
 author = {Rubner, Yossi and Tomasi, Carlo and Guibas, Leonidas J.},
 title = {A Metric for Distributions with Applications to Image Databases},
 booktitle = {Proceedings of the Sixth International Conference on Computer Vision},
 series = {ICCV '98},
 year = {1998},
 isbn = {81-7319-221-9},
 pages = {59--},
 url = {http://dl.acm.org/citation.cfm?id=938978.939133},
 acmid = {939133},
 publisher = {IEEE Computer Society},
 address = {Washington, DC, USA},
}

@techreport{EMD-proof,
 author = {Cohen, Scott and Guibas, Leonidas},
 title = {The Earth Mover's Distance: Lower Bounds and Invariance Under Translation},
 year = {1997},
 source = {http://www.ncstrl.org:8900/ncstrl/servlet/search?formname=detail\&id=oai%3Ancstrlh%3Astan%3ASTAN%2F%2FCS-TR-97-1597},
 publisher = {Stanford University},
 address = {Stanford, CA, USA},
} 

@article{EMD-use,
 author = {Rubner, Yossi and Tomasi, Carlo and Guibas, Leonidas J.},
 title = {The Earth Mover's Distance As a Metric for Image Retrieval},
 journal = {Int. J. Comput. Vision},
 issue_date = {Nov. 2000},
 volume = {40},
 number = {2},
 month = nov,
 year = {2000},
 issn = {0920-5691},
 pages = {99--121},
 numpages = {23},
 url = {http://dx.doi.org/10.1023/A:1026543900054},
 doi = {10.1023/A:1026543900054},
 acmid = {365881},
 publisher = {Kluwer Academic Publishers},
 address = {Hingham, MA, USA},
 keywords = {Earth Mover's Distance, color, image retrieval, perceptual metrics, texture},
} 

@inproceedings{spacial-decompo,
 author = {Lazebnik, Svetlana and Schmid, Cordelia and Ponce, Jean},
 title = {Beyond Bags of Features: Spatial Pyramid Matching for Recognizing Natural Scene Categories},
 booktitle = {Proceedings of the 2006 IEEE Computer Society Conference on Computer Vision and Pattern Recognition - Volume 2},
 series = {CVPR '06},
 year = {2006},
 isbn = {0-7695-2597-0},
 pages = {2169--2178},
 numpages = {10},
 url = {http://dx.doi.org/10.1109/CVPR.2006.68},
 doi = {10.1109/CVPR.2006.68},
 acmid = {1153549},
 publisher = {IEEE Computer Society},
 address = {Washington, DC, USA},
}

@Article{DMA-extraction,
  title         = {{Optimal Separable  Algorithms to Compute  the Reverse 
    Euclidean Distance Transformation  and   Discrete  Medial   Axis  in 
    Arbitrary Dimension}},
  author        = {David {Coeurjolly} and Annick {Montanvert}},
  year          = {2007},
  month         = mar,
  journal       = {IEEE  Transactions on Pattern Analysis and Machine 
    Intelligence},
  volume        = {29}, 
  number        = {3}, 
  pages         = {437-448}, 
  DOI           = {10.1109/TPAMI.2007.54}, 
  language      = {en},
  url           = {http://liris.cnrs.fr/publis/?id=2441}
}
